[gd_scene load_steps=6 format=2]

[ext_resource path="res://scripts/ui_select.gd" type="Script" id=1]
[ext_resource path="res://assets/floor.png" type="Texture" id=2]
[ext_resource path="res://assets/obstacle-grass.png" type="Texture" id=3]
[ext_resource path="res://assets/turret_small.png" type="Texture" id=4]

[sub_resource type="ShaderMaterial" id=1]

[node name="ui_select" type="Control"]
material = SubResource( 1 )
anchor_left = 1.0
anchor_right = 1.0
margin_left = -167.01
margin_top = -42.1761
margin_right = 197.99
margin_bottom = 60.8239
hint_tooltip = "Select an item by clicking on one of the blocks!"
script = ExtResource( 1 )

[node name="Panel" type="Panel" parent="."]
margin_left = 11.0
margin_top = -17.0
margin_right = 347.0
margin_bottom = 114.0

[node name="TextEdit" type="TextEdit" parent="Panel"]
margin_left = 23.0
margin_top = 6.0
margin_right = 315.0
margin_bottom = 126.0
text = "Item Select"

[node name="TextureButton" type="TextureButton" parent="."]
margin_left = 154.008
margin_top = 18.5229
margin_right = 218.008
margin_bottom = 82.5229
texture_normal = ExtResource( 2 )

[node name="TextureButton2" type="TextureButton" parent="."]
margin_left = 49.9251
margin_top = 22.8725
margin_right = 113.925
margin_bottom = 86.8725
texture_normal = ExtResource( 3 )

[node name="TextureButton3" type="TextureButton" parent="."]
margin_left = 239.411
margin_top = 17.1644
margin_right = 314.411
margin_bottom = 87.1644
texture_normal = ExtResource( 4 )
stretch_mode = 1

[node name="TextEdit" type="TextEdit" parent="TextureButton3"]
margin_left = 2.0
margin_top = 60.0
margin_right = 79.0
margin_bottom = 90.0
text = "Turrets:  2"
[connection signal="mouse_entered" from="." to="." method="_on_ItemSelect_mouse_entered"]
[connection signal="mouse_exited" from="." to="." method="_on_ItemSelect_mouse_exited"]
[connection signal="pressed" from="TextureButton" to="." method="_on_TextureButton_pressed"]
[connection signal="pressed" from="TextureButton2" to="." method="_on_TextureButton2_pressed"]
[connection signal="pressed" from="TextureButton3" to="." method="_on_TextureButton3_pressed"]
